@article{http,
title      = "{H}ypertext {T}ransfer {P}rotocol",
journal    = "Wikipédia, L'encyclopédie libre",
year       = "2010"
}
@article{unit,
title      = "Test unitaire",
journal    = "Wikipédia, L'encyclopédie libre",
year       = "2010"
}
@article{uml,
title      = "{U}nified {M}odeling {L}anguage",
journal    = "Wikipédia, L'encyclopédie libre",
year       = "2010"
}
@article{ea,
title      = "Modèle entité-relation",
journal    = "Wikipédia, L'encyclopédie libre",
year       = "2010"
}
@article{ebook,
title      = "Livre électronique",
journal    = "Wikipédia, L'encyclopédie libre",
year       = "2010"
}
@article{referentiel,
title      = "Référentiel (base de données)",
journal    = "Wikipédia, L'encyclopédie libre",
year       = "2010"
}
@article{zip,
title      = "{ZIP} (format de fichier)",
journal    = "Wikipédia, L'encyclopédie libre",
year       = "2010"
}
@article{csv,
title      = "{C}omma-{S}eparated {V}alues",
journal    = "Wikipédia, L'encyclopédie libre",
year       = "2010"
}
@article{ldap,
title      = "{L}ightweight {D}irectory {A}ccess {P}rotocol",
journal    = "Wikipédia, L'encyclopédie libre",
year       = "2010"
}
@article{webdeux,
title      = "Web~2.0",
journal    = "Wikipédia, L'encyclopédie libre",
year       = "2010"
}
@article{cloud,
title      = "Informatique dans les nuages",
journal    = "Wikipédia, L'encyclopédie libre",
year       = "2010"
}
@article{edi,
title      = "Environnement de développement intégré",
journal    = "Wikipédia, L'encyclopédie libre",
year       = "2010"
}
@article{designpattern,
title      = "Patron de conception",
journal    = "Wikipédia, L'encyclopédie libre",
year       = "2010"
}
@article{yml,
title      = "{YAML}",
journal    = "Wikipédia, L'encyclopédie libre",
year       = "2010"
}
@article{cache,
title      = "Mémoire cache",
journal    = "Wikipédia, L'encyclopédie libre",
year       = "2010"
}
@article{cms,
title      = "Système de gestion de contenu",
journal    = "Wikipédia, L'encyclopédie libre",
year       = "2010"
}
@article{reseausocial,
title      = "Réseau social",
journal    = "Wikipédia, L'encyclopédie libre",
year       = "2010"
}
@article{licencelibre,
title      = "Licence libre",
journal    = "Wikipédia, L'encyclopédie libre",
year       = "2010"
}
@article{os,
title      = "Open source",
journal    = "Wikipédia, L'encyclopédie libre",
year       = "2010"
}
@article{logiciellibre,
title      = "Logiciel libre",
journal    = "Wikipédia, L'encyclopédie libre",
year       = "2010"
}
@article{serveurhttp,
title      = "Serveur {HTTP}",
journal    = "Wikipédia, L'encyclopédie libre",
year       = "2010"
}
@article{html,
title      = "{H}ypertext {M}arkup {L}anguage",
journal    = "Wikipédia, L'encyclopédie libre",
year       = "2010"
}
@article{wiki,
title      = "Wiki",
journal    = "Wikipédia, L'encyclopédie libre",
year       = "2010"
}
@article{json,
title      = "{J}ava{S}cript {O}bject {N}otation",
journal    = "Wikipédia, L'encyclopédie libre",
year       = "2010"
}
@article{curl,
title      = "{cURL}",
journal    = "Wikipédia, L'encyclopédie libre",
year       = "2010"
}

@book{thebook,
author     = "Zaninotto, Francois and Potencier, Fabien",
title      = "The Definitive Guide to symfony",
year       = "2007",
publisher  = "Apress"
}
@book{moresf,
author     = "Potencier, Fabien and Weaver, Ryan",
title      = "More with symfony 1.3 \& 1.4",
year       = "2009",
publisher  = "Sensio Labs Books"
}
@book{sfrefguide,
author     = "Potencier, Fabien",
title      = "The symfony 1.3 \& 1.4 Reference Guide",
year       = "2009",
publisher  = "Sensio Labs Books"
}
@book{practicalsf,
author     = "Potencier, Fabien",
title      = "Practical symfony 1.3 \& 1.4 for Doctrine",
year       = "2009",
publisher  = "Sensio Labs Books"
}
@book{cahierssf,
author     = "Potencier, Fabien and Hamon, Hugo",
title      = "Symfony : Mieux développer en PHP avec symfony 1.2 et Doctrine",
publisher  = "Eyrolles",
year       = "2009",
series     = "Les cahiers du programmeur"
}
